<record><leader>00000cas a22000007a 4500</leader><controlfield tag="001">19844839</controlfield><controlfield tag="008">890610c19459999njuwr ne      0    0eng d</controlfield><datafield ind1=" " ind2=" " tag="010"><subfield code="a">sn 88071171 </subfield></datafield><datafield ind1=" " ind2=" " tag="040"><subfield code="a">NJW</subfield><subfield code="b">eng</subfield><subfield code="c">NJW</subfield><subfield code="d">OCLCQ</subfield></datafield><datafield ind1=" " ind2=" " tag="042"><subfield code="a">msc</subfield></datafield><datafield ind1="0" ind2="0" tag="245"><subfield code="a">Orange transcript.</subfield></datafield><datafield ind1=" " ind2=" " tag="260"><subfield code="a">Orange, N.J. :</subfield><subfield code="b">Moreau Pub.,</subfield><subfield code="c">1945-</subfield></datafield><datafield ind1=" " ind2=" " tag="310"><subfield code="a">Weekly</subfield></datafield><datafield ind1="0" ind2=" " tag="362"><subfield code="a">Vol. 48, no. 33 (Aug. 16, 1945)-</subfield></datafield><datafield ind1=" " ind2=" " tag="580"><subfield code="a">Section Two of this newspaper is called: Essex journal (Orange, N.J.), and serves as the second section for several Essex County, N.J. newspapers.</subfield></datafield><datafield ind1=" " ind2=" " tag="752"><subfield code="a">United States</subfield><subfield code="b">New Jersey</subfield><subfield code="c">Essex</subfield><subfield code="d">Orange.</subfield></datafield><datafield ind1="0" ind2="0" tag="780"><subfield code="t">Evening transcript (Orange, N.J.)</subfield><subfield code="w">(DLC)sn 88071170</subfield></datafield><datafield ind1="1" ind2=" " tag="787"><subfield code="t">Essex journal (Orange, N.J.)</subfield><subfield code="w">(DLC)sn 88071374</subfield></datafield></record>